A100000000000000000000EMPRESATESTE        111BANCOTESTE          2022041300000106DEBITO AUTOMATICO                                                    
E                        11234             12077010100000000000011103                                                          1X2000000999999999    0
Z00000200000000000000000                                                                                                                              