A100000000000000000000EMPRESATESTE        111BANCOTESTE          2022041300000106DEBITO AUTOMATICO                                                    
Z00000200000000000000000                                                                                                                              