A200000000000000000000EMPRESATESTE        111BANCOTESTE          2022041300000106DEBITO AUTOMATICO                                                    
T00000000000000000000000                                                                                                                              
Z00000200000000000000000                                                                                                                              